@article{Duan05,
  title={High-order fully actuated system approaches: Part V. Robust adaptive control},
  author={Duan, Guangren},
  journal={International Journal of Systems Science},
  volume={52},
  number={10},
  pages={2129--2143},
  year={2021},
  publisher={Taylor \& Francis}
}

@article{LiuGuoPing2022,
  title={Predictive control of high-order fully actuated nonlinear systems with time-varying delays},
  author={Liu, Guo-Ping},
  journal={Journal of Systems Science and Complexity},
  volume={35},
  number={2},
  pages={457--470},
  year={2022},
  publisher={Springer}
}

