@article{ref1,
  title={求解旅行商问题的搜寻者遗传算法},
  author={张立毅 and 高杨 and 费腾 and 王玉婧},
  journal={数学的实践与认识},
  volume={7},
  year={2019}
}

@article{ref2,
  title={分层递进的改进聚类蚁群算法解决 TSP 问题},
  author={冯志雨 and 游晓明 and 刘升},
  journal={计算机科学与探索},
  volume={13},
  number={8},
  pages={1280},
  year={2019}
}

@article{ref3,
  title={改进的蚁群优化算法求解旅行商问题},
  author={赵鑫 and 杨雄飞 and 钱育蓉},
  journal={计算机工程与设计},
  volume={43},
  number={4},
  pages={962--968},
  year={2022}
}

@article{ref4,
  title={求解 TSP 问题的改进模拟退火算法},
  author={何锦福 and 符强 and 王豪东},
  journal={计算机时代},
  volume={7},
  pages={47--50},
  year={2019}
}

@article{ref5,
  title={求线性多乘积规划问题的分支定界算法},
  author={张永红 and 汪春峰 and 刘丽霞},
  journal={应用数学},
  volume={31},
  number={3},
  pages={533--542},
  year={2018}
}


@article{ref6,
  title={动态规划法的应用分析},
  author={李小莲},
  journal={计算机时代},
  volume={6},
  year={2019}
}

@article{ref7,
  title={基于三维时空地图和运动分解的多机器人路径规划算法},
  author={屈立成 and 吕娇 and 赵明 and 王海飞 and 屈艺华},
  journal={计算机应用},
  volume={40},
  number={12},
  pages={3499},
  year={2020}
}

@mastersthesis {ref8,
author = { 章春芳 },
title = {自适应的并行蚁群算法及其应用},
school = {扬州大学},
year = {2006}
}

@article{ref9,
  title={考虑供应不确定性与需求非平稳性的项目调度与材料供应集成优化},
  author={卢辉 and 王红卫 and 李锋 and 刘典},
  journal={系统工程理论与实践},
  volume={39},
  number={3},
  pages={647--658},
  year={2019}
}

@article{ref10,
  title={求解 TSP 问题的模糊自适应粒子群算法},
  author={郭文忠 and 陈国龙},
  journal={计算机科学},
  volume={33},
  number={6},
  pages={161--162},
  year={2006}
}

@article{ref11,
author = { 秦旋 and 房子涵 and 张赵鑫 },
title = {考虑资源约束的预制构件多目标生产调度优化},
journal = {计算机集成制造系统},
volume = {27},
number = {2248-2259},
year = {2021},
issn = {1006-5911},
doi = {10.13196/j.cims.2021.08.008}
}

@article{ref12,
author = { 朱佳莹 and 高茂庭 },
title = {融合粒子群与改进蚁群算法的AUV路径规划算法},
journal = {计算机工程与应用},
volume = {57},
number = {267-273},
year = {2021},
issn = {1002-8331},
}

@article{ref13,
author = { 何元烈 and 徐扣 },
title = {欠驱动平面机器人逆运动学求解研究——粒子群优化神经网络算法求解},
journal = {计算机工程与应用},
volume = {52},
number = {54-58+151},
year = {2016},
issn = {1002-8331},
}

@article{ref14,
author = { 孙守梅 and 王敬辉 },
title = {蚁群算法原理简介及伪代码实现},
journal = {电脑知识与技术},
volume = {10},
number = {2353-2355},
year = {2014},
issn = {1009-3044},
}

@article{ref15,
author = { 彭岳 and 王俊 and 谢斌福 and 张月峰 and 王崇骏 },
title = {改进的重叠蚁群优化算法},
journal = {计算机科学与探索},
volume = {8},
number = {1002-1008},
year = {2014},
issn = {1673-9418},
}
