@article{2005consensus,
  title={Consensus seeking in multiagent systems under dynamically changing interaction topologies},
  author={Ren, Wei and Beard, Randal W},
  journal={IEEE Transactions on automatic control},
  volume={50},
  number={5},
  pages={655--661},
  year={2005},
  publisher={IEEE}
}

@article{ref1,
  title={A traversal multi-target path planning method for multi-unmanned surface vessels in space-varying ocean current},
  author={Yu, Jiabin and Chen, Zhihao and Zhao, Zhiyao and Yao, Peng and Xu, Jiping},
  journal={Ocean Engineering},
  volume={278},
  pages={114423},
  year={2023},
  publisher={Elsevier}
}

@article{ref2,
  title={Finite-time extended state observer-based distributed formation control for marine surface vehicles with input saturation and disturbances},
  author={Fu, Mingyu and Yu, Lingling},
  journal={Ocean Engineering},
  volume={159},
  pages={219--227},
  year={2018},
  publisher={Elsevier}
}

@article{ref3,
  title={Flexible formation tracking control of multiple unmanned surface vessels for navigating through narrow channels with unknown curvatures},
  author={Tang, Chuancong and Zhang, Hai-Tao and Wang, Jun},
  journal={IEEE Transactions on Industrial Electronics},
  volume={70},
  number={3},
  pages={2927--2938},
  year={2022},
  publisher={IEEE}
}

@article{ref4,
  title={USV parameter estimation: Adaptive unscented Kalman filter-based approach},
  author={Shen, Han and Wen, Guanghui and Lv, Yuezu and Zhou, Jun and Wang, Linan},
  journal={IEEE Transactions on Industrial Informatics},
  year={2022},
  publisher={IEEE}
}

@article{ref5,
  title={Distributed time-varying formation robust tracking for general linear multiagent systems with parameter uncertainties and external disturbances},
  author={Hua, Yongzhao and Dong, Xiwang and Li, Qingdong and Ren, Zhang},
  journal={IEEE transactions on cybernetics},
  volume={47},
  number={8},
  pages={1959--1969},
  year={2017},
  publisher={IEEE}
}

@article{ref6,
  title={Global time-varying stabilization of underactuated surface vessel},
  author={Dong, Wenjie and Guo, Yi},
  journal={IEEE Transactions on Automatic Control},
  volume={50},
  number={6},
  pages={859--864},
  year={2005},
  publisher={IEEE}
}

@article{ref7,
  title={Global practical stabilization and tracking for an underactuated ship-a combined averaging and backstepping approach},
  author={Pettersen, KY and Nijmeijer, Henk},
  journal={IFAC proceedings volumes},
  volume={31},
  number={18},
  pages={59--64},
  year={1998},
  publisher={Elsevier}
}

@article{ref8,
  title={Global tracking control of underactuated ships with nonzero off-diagonal terms in their system matrices},
  author={Do, Khac Duc and Pan, Jie},
  journal={Automatica},
  volume={41},
  number={1},
  pages={87--95},
  year={2005},
  publisher={Elsevier}
}

@article{ref9,
  title={Global time-varying stabilization of underactuated surface vessel},
  author={Dong, Wenjie and Guo, Yi},
  journal={IEEE Transactions on Automatic Control},
  volume={50},
  number={6},
  pages={859--864},
  year={2005},
  publisher={IEEE}
}

@inproceedings{Huangjie2010,
  title={Output regulation of time-varying nonlinear systems},
  author={Yang, Xi and Huang, Jie},
  booktitle={Proceedings of the 29th Chinese Control Conference},
  pages={5833--5838},
  year={2010},
  organization={IEEE}
}

@article{2004consensus,
  title={Consensus problems in networks of agents with switching topology and time-delays},
  author={Olfati-Saber, Reza and Murray, Richard M},
  journal={IEEE Transactions on automatic control},
  volume={49},
  number={9},
  pages={1520--1533},
  year={2004},
  publisher={IEEE}
}


@article{fossen1999guidance,
  title={Guidance and control of ocean vehicles},
  author={Fossen, Thor I},
  journal={University of Trondheim, Norway, Printed by John Wiley \& Sons, Chichester, England, ISBN: 0 471 94113 1, Doctors Thesis},
  year={1999}
}


